<?xml version="1.0" encoding="UTF-8"?>
  <record xmlns="http://www.loc.gov/MARC21/slim" type="Authority">
    <leader>00000nz  a2200000nc 4500</leader>
    <controlfield tag="001">118752715</controlfield>
    <controlfield tag="003">DE-101</controlfield>
    <controlfield tag="005">20220311161619.0</controlfield>
    <controlfield tag="008">880701n||azznnaabn           | aaa    |c</controlfield>
    <datafield tag="024" ind1="7" ind2=" ">
      <subfield code="a">118752715</subfield>
      <subfield code="0">http://d-nb.info/gnd/118752715</subfield>
      <subfield code="2">gnd</subfield>
    </datafield>
    <datafield tag="035" ind1=" " ind2=" ">
      <subfield code="a">(DE-101)118752715</subfield>
    </datafield>
    <datafield tag="035" ind1=" " ind2=" ">
      <subfield code="a">(DE-588)118752715</subfield>
    </datafield>
    <datafield tag="035" ind1=" " ind2=" ">
      <subfield code="z">(DE-588)159210690</subfield>
    </datafield>
    <datafield tag="035" ind1=" " ind2=" ">
      <subfield code="z">(DE-588a)159210690</subfield>
      <subfield code="9">v:zg</subfield>
    </datafield>
    <datafield tag="035" ind1=" " ind2=" ">
      <subfield code="z">(DE-588)1057551201</subfield>
    </datafield>
    <datafield tag="035" ind1=" " ind2=" ">
      <subfield code="z">(DE-588)170099830</subfield>
    </datafield>
    <datafield tag="035" ind1=" " ind2=" ">
      <subfield code="z">(DE-588a)170099830</subfield>
      <subfield code="9">v:zg</subfield>
    </datafield>
    <datafield tag="035" ind1=" " ind2=" ">
      <subfield code="z">(DE-588a)118752715</subfield>
      <subfield code="9">v:zg</subfield>
    </datafield>
    <datafield tag="035" ind1=" " ind2=" ">
      <subfield code="z">(DE-588c)4105574-3</subfield>
      <subfield code="9">v:zg</subfield>
    </datafield>
    <datafield tag="040" ind1=" " ind2=" ">
      <subfield code="a">DE-101</subfield>
      <subfield code="c">DE-101</subfield>
      <subfield code="9">r:DE-101</subfield>
      <subfield code="b">ger</subfield>
      <subfield code="d">9999</subfield>
    </datafield>
    <datafield tag="042" ind1=" " ind2=" ">
      <subfield code="a">gnd1</subfield>
    </datafield>
    <datafield tag="043" ind1=" " ind2=" ">
      <subfield code="c">XA-PL</subfield>
    </datafield>
    <datafield tag="065" ind1=" " ind2=" ">
      <subfield code="a">16.5p</subfield>
      <subfield code="2">sswd</subfield>
    </datafield>
    <datafield tag="075" ind1=" " ind2=" ">
      <subfield code="b">p</subfield>
      <subfield code="2">gndgen</subfield>
    </datafield>
    <datafield tag="075" ind1=" " ind2=" ">
      <subfield code="b">pik</subfield>
      <subfield code="2">gndspec</subfield>
    </datafield>
    <datafield tag="079" ind1=" " ind2=" ">
      <subfield code="a">g</subfield>
      <subfield code="q">a</subfield>
      <subfield code="q">f</subfield>
      <subfield code="q">s</subfield>
      <subfield code="q">z</subfield>
      <subfield code="u">v</subfield>
      <subfield code="u">w</subfield>
      <subfield code="u">k</subfield>
    </datafield>
    <datafield tag="100" ind1="0" ind2=" ">
      <subfield code="a">Stanisław</subfield>
      <subfield code="b">I.</subfield>
      <subfield code="c">Polen, König</subfield>
      <subfield code="d">1677-1766</subfield>
    </datafield>
    <datafield tag="375" ind1=" " ind2=" ">
      <subfield code="a">1</subfield>
      <subfield code="2">iso5218</subfield>
    </datafield>
    <datafield tag="400" ind1="0" ind2=" ">
      <subfield code="a">Stanislaus</subfield>
      <subfield code="b">I.</subfield>
      <subfield code="c">Polen, König</subfield>
      <subfield code="d">1677-1766</subfield>
    </datafield>
    <datafield tag="400" ind1="0" ind2=" ">
      <subfield code="a">Stanisław</subfield>
      <subfield code="b">I.</subfield>
      <subfield code="c">Lotharingia, Dux</subfield>
      <subfield code="d">1677-1766</subfield>
    </datafield>
    <datafield tag="400" ind1="0" ind2=" ">
      <subfield code="a">Stanislaus</subfield>
      <subfield code="b">I.</subfield>
      <subfield code="c">Leszczyński</subfield>
      <subfield code="d">1677-1766</subfield>
      <subfield code="9">v:B 1986 als Stanislaus I. Leszczyński</subfield>
    </datafield>
    <datafield tag="400" ind1="0" ind2=" ">
      <subfield code="a">Stanislaus</subfield>
      <subfield code="c">Leszczyński</subfield>
      <subfield code="d">1677-1766</subfield>
    </datafield>
    <datafield tag="400" ind1="0" ind2=" ">
      <subfield code="a">Stanislaus</subfield>
      <subfield code="b">I.</subfield>
      <subfield code="c">Lotharingia, Dux</subfield>
      <subfield code="d">1677-1766</subfield>
    </datafield>
    <datafield tag="400" ind1="0" ind2=" ">
      <subfield code="a">Stanislaus</subfield>
      <subfield code="b">I.</subfield>
      <subfield code="c">Polonia, Rex</subfield>
      <subfield code="d">1677-1766</subfield>
    </datafield>
    <datafield tag="400" ind1="0" ind2=" ">
      <subfield code="a">Stanislas</subfield>
      <subfield code="c">Lorraine et Bar, Dux</subfield>
      <subfield code="d">1677-1766</subfield>
    </datafield>
    <datafield tag="400" ind1="0" ind2=" ">
      <subfield code="a">Stanislas</subfield>
      <subfield code="b">I.</subfield>
      <subfield code="c">Pologne, roi</subfield>
      <subfield code="d">1677-1766</subfield>
    </datafield>
    <datafield tag="400" ind1="0" ind2=" ">
      <subfield code="a">Stanislas</subfield>
      <subfield code="b">I.</subfield>
      <subfield code="c">Polska, król</subfield>
      <subfield code="d">1677-1766</subfield>
    </datafield>
    <datafield tag="400" ind1="0" ind2=" ">
      <subfield code="a">Stanislas</subfield>
      <subfield code="c">roi</subfield>
      <subfield code="d">1677-1766</subfield>
    </datafield>
    <datafield tag="400" ind1="0" ind2=" ">
      <subfield code="a">Stanislaus</subfield>
      <subfield code="d">1677-1766</subfield>
    </datafield>
    <datafield tag="400" ind1="0" ind2=" ">
      <subfield code="a">Stanislaus</subfield>
      <subfield code="c">Lotharingia, Dux</subfield>
      <subfield code="d">1677-1766</subfield>
    </datafield>
    <datafield tag="400" ind1="0" ind2=" ">
      <subfield code="a">Stanislaus</subfield>
      <subfield code="c">Leszczynius</subfield>
      <subfield code="d">1677-1766</subfield>
    </datafield>
    <datafield tag="400" ind1="0" ind2=" ">
      <subfield code="a">Stanislaus</subfield>
      <subfield code="b">I.</subfield>
      <subfield code="c">Poloniae Rex</subfield>
      <subfield code="d">1677-1766</subfield>
    </datafield>
    <datafield tag="400" ind1="0" ind2=" ">
      <subfield code="a">Stanisław</subfield>
      <subfield code="b">I.</subfield>
      <subfield code="c">Polska, król</subfield>
      <subfield code="d">1677-1766</subfield>
    </datafield>
    <datafield tag="400" ind1="0" ind2=" ">
      <subfield code="a">R. D. P. D. D. L. E. D. B**r.</subfield>
      <subfield code="d">1677-1766</subfield>
    </datafield>
    <datafield tag="400" ind1="0" ind2=" ">
      <subfield code="a">D. K. V. P. U. H. V. L. U. B**r</subfield>
      <subfield code="d">1677-1766</subfield>
    </datafield>
    <datafield tag="400" ind1="0" ind2=" ">
      <subfield code="a">K. V. P. U. H. V. L. U. B**r</subfield>
      <subfield code="d">1677-1766</subfield>
    </datafield>
    <datafield tag="400" ind1="0" ind2=" ">
      <subfield code="a">Stanislaus</subfield>
      <subfield code="c">Lothringen, Herzog</subfield>
      <subfield code="d">1677-1766</subfield>
    </datafield>
    <datafield tag="400" ind1="1" ind2=" ">
      <subfield code="a">Leckzinsky, Stanislaus</subfield>
      <subfield code="d">1677-1766</subfield>
    </datafield>
    <datafield tag="400" ind1="1" ind2=" ">
      <subfield code="a">Leskzinsky, Stanislaus</subfield>
      <subfield code="d">1677-1766</subfield>
    </datafield>
    <datafield tag="400" ind1="1" ind2=" ">
      <subfield code="a">Lescinski, Stanislaus</subfield>
      <subfield code="d">1677-1766</subfield>
    </datafield>
    <datafield tag="400" ind1="1" ind2=" ">
      <subfield code="a">Leczinski, Stanislas</subfield>
      <subfield code="d">1677-1766</subfield>
    </datafield>
    <datafield tag="400" ind1="1" ind2=" ">
      <subfield code="a">Leczinsky, Stanislaus</subfield>
      <subfield code="d">1677-1766</subfield>
    </datafield>
    <datafield tag="400" ind1="1" ind2=" ">
      <subfield code="a">Leszcinski, Stanislaus</subfield>
      <subfield code="d">1677-1766</subfield>
    </datafield>
    <datafield tag="400" ind1="1" ind2=" ">
      <subfield code="a">Leszinski, Stanislas</subfield>
      <subfield code="d">1677-1766</subfield>
    </datafield>
    <datafield tag="400" ind1="1" ind2=" ">
      <subfield code="a">Leszinsky, Stanislaus</subfield>
      <subfield code="d">1677-1766</subfield>
    </datafield>
    <datafield tag="400" ind1="1" ind2=" ">
      <subfield code="a">Leszczyński, Stanislas</subfield>
      <subfield code="d">1677-1766</subfield>
    </datafield>
    <datafield tag="400" ind1="1" ind2=" ">
      <subfield code="a">Leszczyński, Stanislaus</subfield>
      <subfield code="d">1677-1766</subfield>
    </datafield>
    <datafield tag="400" ind1="1" ind2=" ">
      <subfield code="a">Leszczynsky, Stanislaus</subfield>
      <subfield code="d">1677-1766</subfield>
    </datafield>
    <datafield tag="400" ind1="1" ind2=" ">
      <subfield code="a">Leszczyński, Stanisław</subfield>
      <subfield code="d">1677-1766</subfield>
      <subfield code="9">v:Enc. pows.</subfield>
    </datafield>
    <datafield tag="400" ind1="1" ind2=" ">
      <subfield code="a">Leszynski, Stanislaus</subfield>
      <subfield code="d">1677-1766</subfield>
    </datafield>
    <datafield tag="400" ind1="1" ind2=" ">
      <subfield code="a">Leszynsky, Stanislaus</subfield>
      <subfield code="d">1677-1766</subfield>
    </datafield>
    <datafield tag="400" ind1="1" ind2=" ">
      <subfield code="a">Leszynsky, Stanislaw</subfield>
      <subfield code="d">1677-1766</subfield>
    </datafield>
    <datafield tag="400" ind1="1" ind2=" ">
      <subfield code="a">Leszczyński, Stanisław Bogusław</subfield>
      <subfield code="d">1677-1766</subfield>
    </datafield>
    <datafield tag="400" ind1="1" ind2=" ">
      <subfield code="a">Leszcynski, Stanislaus</subfield>
      <subfield code="d">1677-1766</subfield>
    </datafield>
    <datafield tag="400" ind1="1" ind2=" ">
      <subfield code="a">Leszczynski, Stanislaus</subfield>
      <subfield code="d">1677-1766</subfield>
    </datafield>
    <datafield tag="400" ind1="1" ind2=" ">
      <subfield code="a">Leschinzky, Nicolai</subfield>
      <subfield code="d">1677-1766</subfield>
    </datafield>
    <datafield tag="400" ind1="1" ind2=" ">
      <subfield code="a">Leszczynius, Stanislaus</subfield>
      <subfield code="d">1677-1766</subfield>
    </datafield>
    <datafield tag="400" ind1="0" ind2=" ">
      <subfield code="a">Stanisław</subfield>
      <subfield code="c">Leszczyński</subfield>
      <subfield code="d">1677-1766</subfield>
    </datafield>
    <datafield tag="400" ind1="1" ind2=" ">
      <subfield code="a">Leckzinski, Stanislas</subfield>
      <subfield code="d">1677-1766</subfield>
    </datafield>
    <datafield tag="400" ind1="1" ind2=" ">
      <subfield code="a">Lescinsky, Stanislaus</subfield>
      <subfield code="d">1677-1766</subfield>
    </datafield>
    <datafield tag="400" ind1="1" ind2=" ">
      <subfield code="a">Leszczinski, Stanislaw</subfield>
      <subfield code="d">1677-1766</subfield>
    </datafield>
    <datafield tag="400" ind1="1" ind2=" ">
      <subfield code="a">Leszczinski, Stanislaus</subfield>
      <subfield code="d">1677-1766</subfield>
    </datafield>
    <datafield tag="400" ind1="0" ind2=" ">
      <subfield code="a">Stanisław Leszczy´nski</subfield>
      <subfield code="b">I.</subfield>
      <subfield code="c">König von Polen</subfield>
      <subfield code="d">1677-1766</subfield>
    </datafield>
    <datafield tag="400" ind1="1" ind2=" ">
      <subfield code="a">Leszczyński, Stanisław</subfield>
      <subfield code="c">Frankreich und Polen, König</subfield>
      <subfield code="d">1677-1766</subfield>
    </datafield>
    <datafield tag="400" ind1="0" ind2=" ">
      <subfield code="a">Stanislaus</subfield>
      <subfield code="b">1.</subfield>
      <subfield code="c">Polen, König</subfield>
      <subfield code="d">1677-1766</subfield>
    </datafield>
    <datafield tag="400" ind1="0" ind2=" ">
      <subfield code="a">Stanislas</subfield>
      <subfield code="b">1.</subfield>
      <subfield code="c">Polen, König</subfield>
      <subfield code="d">1677-1766</subfield>
    </datafield>
    <datafield tag="400" ind1="0" ind2=" ">
      <subfield code="a">Stanislaw Leszczy´nski</subfield>
      <subfield code="b">I.</subfield>
      <subfield code="c">King of Poland</subfield>
      <subfield code="d">1677-1766</subfield>
    </datafield>
    <datafield tag="400" ind1="0" ind2=" ">
      <subfield code="a">Stanisław Leszczyński</subfield>
      <subfield code="b">I.</subfield>
      <subfield code="c">King of Poland</subfield>
      <subfield code="d">1677-1766</subfield>
    </datafield>
    <datafield tag="400" ind1="0" ind2=" ">
      <subfield code="a">Stanislas</subfield>
      <subfield code="b">I.</subfield>
      <subfield code="c">roi de Pologne</subfield>
      <subfield code="d">1677-1766</subfield>
    </datafield>
    <datafield tag="400" ind1="0" ind2=" ">
      <subfield code="a">Stanisław</subfield>
      <subfield code="b">I.</subfield>
      <subfield code="c">Polska, król</subfield>
      <subfield code="d">1677-1766</subfield>
    </datafield>
    <datafield tag="400" ind1="1" ind2=" ">
      <subfield code="9">L:fre</subfield>
      <subfield code="a">Leszczyński, Stanisław</subfield>
      <subfield code="c">Roi, France, Pologne</subfield>
      <subfield code="d">1677-1766</subfield>
      <subfield code="5">CH-GND</subfield>
    </datafield>
    <datafield tag="400" ind1="1" ind2=" ">
      <subfield code="9">L:eng</subfield>
      <subfield code="a">Leszczyński, Stanisław</subfield>
      <subfield code="c">King, France, Poland</subfield>
      <subfield code="d">1677-1766</subfield>
      <subfield code="5">CH-GND</subfield>
    </datafield>
    <datafield tag="400" ind1="0" ind2=" ">
      <subfield code="a">Stanislaus I.</subfield>
      <subfield code="c">Frankreich und Polen, König,</subfield>
      <subfield code="d">1677-1766</subfield>
    </datafield>
    <datafield tag="400" ind1="0" ind2=" ">
      <subfield code="a">Stanislaus I.</subfield>
      <subfield code="c">France et Pologne, roi</subfield>
      <subfield code="d">1677-1766</subfield>
    </datafield>
    <datafield tag="400" ind1="0" ind2=" ">
      <subfield code="a">Stanislaus</subfield>
      <subfield code="c">Herzog von Lothringen</subfield>
      <subfield code="d">1677-1766</subfield>
    </datafield>
    <datafield tag="400" ind1="0" ind2=" ">
      <subfield code="a">Stanislaus</subfield>
      <subfield code="b">I.</subfield>
      <subfield code="c">König von Polen</subfield>
      <subfield code="d">1677-1766</subfield>
    </datafield>
    <datafield tag="400" ind1="0" ind2=" ">
      <subfield code="a">Stanisław</subfield>
      <subfield code="b">I.</subfield>
      <subfield code="c">König von Polen</subfield>
      <subfield code="d">1677-1766</subfield>
    </datafield>
    <datafield tag="400" ind1="0" ind2=" ">
      <subfield code="a">Stanislaus</subfield>
      <subfield code="b">I.</subfield>
      <subfield code="c">France and Poland, King</subfield>
      <subfield code="d">1677-1766</subfield>
    </datafield>
    <datafield tag="400" ind1="0" ind2=" ">
      <subfield code="a">Stanislaus Leszczinski</subfield>
      <subfield code="c">König von Polen</subfield>
      <subfield code="d">1677-1766</subfield>
    </datafield>
    <datafield tag="500" ind1="0" ind2=" ">
      <subfield code="0">(DE-101)1012920631</subfield>
      <subfield code="0">(DE-588)1012920631</subfield>
      <subfield code="0">https://d-nb.info/gnd/1012920631</subfield>
      <subfield code="a">Katarzyna</subfield>
      <subfield code="c">Polska, Królowa</subfield>
      <subfield code="d">1680-1747</subfield>
      <subfield code="4">bezf</subfield>
      <subfield code="4">https://d-nb.info/standards/elementset/gnd#familialRelationship</subfield>
      <subfield code="w">r</subfield>
      <subfield code="i">Beziehung familiaer</subfield>
      <subfield code="e">Beziehung familiaer</subfield>
      <subfield code="9">v:Ehefrau</subfield>
    </datafield>
    <datafield tag="500" ind1="0" ind2=" ">
      <subfield code="0">(DE-101)118577786</subfield>
      <subfield code="0">(DE-588)118577786</subfield>
      <subfield code="0">https://d-nb.info/gnd/118577786</subfield>
      <subfield code="a">Maria</subfield>
      <subfield code="c">Frankreich, Königin</subfield>
      <subfield code="d">1703-1768</subfield>
      <subfield code="4">bezf</subfield>
      <subfield code="4">https://d-nb.info/standards/elementset/gnd#familialRelationship</subfield>
      <subfield code="w">r</subfield>
      <subfield code="i">Beziehung familiaer</subfield>
      <subfield code="e">Beziehung familiaer</subfield>
      <subfield code="9">v:Tochter</subfield>
    </datafield>
    <datafield tag="548" ind1=" " ind2=" ">
      <subfield code="a">20.10.1677-23.02.1766</subfield>
      <subfield code="4">datx</subfield>
      <subfield code="4">https://d-nb.info/standards/elementset/gnd#dateOfBirthAndDeath</subfield>
      <subfield code="w">r</subfield>
      <subfield code="i">Exakte Lebensdaten</subfield>
    </datafield>
    <datafield tag="548" ind1=" " ind2=" ">
      <subfield code="a">1677-1766</subfield>
      <subfield code="4">datl</subfield>
      <subfield code="4">https://d-nb.info/standards/elementset/gnd#dateOfBirthAndDeath</subfield>
      <subfield code="w">r</subfield>
      <subfield code="i">Lebensdaten</subfield>
    </datafield>
    <datafield tag="550" ind1=" " ind2=" ">
      <subfield code="0">(DE-101)040004643</subfield>
      <subfield code="0">(DE-588)4000464-8</subfield>
      <subfield code="0">https://d-nb.info/gnd/4000464-8</subfield>
      <subfield code="a">Adel</subfield>
      <subfield code="4">berc</subfield>
      <subfield code="4">https://d-nb.info/standards/elementset/gnd#professionOrOccupation</subfield>
      <subfield code="w">r</subfield>
      <subfield code="i">Charakteristischer Beruf</subfield>
    </datafield>
    <datafield tag="550" ind1=" " ind2=" ">
      <subfield code="0">(DE-101)041600797</subfield>
      <subfield code="0">(DE-588)4160079-4</subfield>
      <subfield code="0">https://d-nb.info/gnd/4160079-4</subfield>
      <subfield code="a">Hochadel</subfield>
      <subfield code="4">beru</subfield>
      <subfield code="4">https://d-nb.info/standards/elementset/gnd#professionOrOccupation</subfield>
      <subfield code="w">r</subfield>
      <subfield code="i">Beruf</subfield>
    </datafield>
    <datafield tag="550" ind1=" " ind2=" ">
      <subfield code="0">(DE-101)040315169</subfield>
      <subfield code="0">(DE-588)4031516-2</subfield>
      <subfield code="0">https://d-nb.info/gnd/4031516-2</subfield>
      <subfield code="a">König</subfield>
      <subfield code="4">adel</subfield>
      <subfield code="4">https://d-nb.info/standards/elementset/gnd#titleOfNobility</subfield>
      <subfield code="w">r</subfield>
      <subfield code="i">Adelstitel</subfield>
    </datafield>
    <datafield tag="551" ind1=" " ind2=" ">
      <subfield code="0">(DE-101)040353044</subfield>
      <subfield code="0">(DE-588)4035304-7</subfield>
      <subfield code="0">https://d-nb.info/gnd/4035304-7</subfield>
      <subfield code="a">Lemberg</subfield>
      <subfield code="4">ortg</subfield>
      <subfield code="4">https://d-nb.info/standards/elementset/gnd#placeOfBirth</subfield>
      <subfield code="w">r</subfield>
      <subfield code="i">Geburtsort</subfield>
    </datafield>
    <datafield tag="551" ind1=" " ind2=" ">
      <subfield code="0">(DE-101)041114329</subfield>
      <subfield code="0">(DE-588)4111432-2</subfield>
      <subfield code="0">https://d-nb.info/gnd/4111432-2</subfield>
      <subfield code="a">Lunéville</subfield>
      <subfield code="4">orts</subfield>
      <subfield code="4">https://d-nb.info/standards/elementset/gnd#placeOfDeath</subfield>
      <subfield code="w">r</subfield>
      <subfield code="i">Sterbeort</subfield>
    </datafield>
    <datafield tag="667" ind1=" " ind2=" ">
      <subfield code="a">7</subfield>
    </datafield>
    <datafield tag="667" ind1=" " ind2=" ">
      <subfield code="a">12</subfield>
    </datafield>
    <datafield tag="667" ind1=" " ind2=" ">
      <subfield code="a">384</subfield>
    </datafield>
    <datafield tag="667" ind1=" " ind2=" ">
      <subfield code="a">3</subfield>
    </datafield>
    <datafield tag="667" ind1=" " ind2=" ">
      <subfield code="a">VD-18</subfield>
    </datafield>
    <datafield tag="667" ind1=" " ind2=" ">
      <subfield code="a">Quelle: DNB-Normdaten / KIDS</subfield>
    </datafield>
    <datafield tag="670" ind1=" " ind2=" ">
      <subfield code="a">M</subfield>
    </datafield>
    <datafield tag="670" ind1=" " ind2=" ">
      <subfield code="a">B 1986</subfield>
    </datafield>
    <datafield tag="670" ind1=" " ind2=" ">
      <subfield code="a">Wikipedia</subfield>
      <subfield code="b">Stand: 19.1.2017</subfield>
      <subfield code="u">https://de.wikipedia.org/wiki/Stanislaus_I._Leszczy%C5%84ski</subfield>
    </datafield>
    <datafield tag="670" ind1=" " ind2=" ">
      <subfield code="a">LCAuth/PND, angepasst an KIDS</subfield>
    </datafield>
    <datafield tag="672" ind1=" " ind2="0">
      <subfield code="a">Stanisław &lt;Polska, Król, I.&gt;: Lettres inédites</subfield>
      <subfield code="f">1901</subfield>
    </datafield>
    <datafield tag="672" ind1=" " ind2="0">
      <subfield code="a">Stanisław &lt;Polska, Król, I.&gt;: Lettres inéd.</subfield>
      <subfield code="f">1920</subfield>
    </datafield>
    <datafield tag="672" ind1=" " ind2="0">
      <subfield code="a">Stanisław &lt;Polska, Król, I.&gt;: Entretien d'un Européan avec un insulaire du royaume de *</subfield>
      <subfield code="f">1755</subfield>
    </datafield>
    <datafield tag="672" ind1=" " ind2="0">
      <subfield code="a">Stanisław &lt;Polska, Król, I.&gt;: Gespräch eines Europäers aus dem Königreich Dumocala</subfield>
    </datafield>
    <datafield tag="672" ind1=" " ind2="0">
      <subfield code="a">Stanislaw &lt;Polska, Król, I.&gt;: Entretien d'un Européen avec un Insulaire du Royaume du D*</subfield>
      <subfield code="f">1755</subfield>
    </datafield>
    <datafield tag="672" ind1=" " ind2="0">
      <subfield code="a">Stanislaw &lt;Polska, Król, I.&gt;: Stanislas le Grand dans l'infortune, ou lettre de cette Au*</subfield>
      <subfield code="f">1759</subfield>
    </datafield>
    <datafield tag="672" ind1=" " ind2="0">
      <subfield code="a">Stanisław &lt;Polska, Król, I.&gt;: Oeuvres du philosophe bienfaisant</subfield>
    </datafield>
    <datafield tag="672" ind1=" " ind2="0">
      <subfield code="a">Stanisław &lt;Polska, Król, I.&gt;: Lettre</subfield>
      <subfield code="f">1734</subfield>
    </datafield>
    <datafield tag="672" ind1=" " ind2="0">
      <subfield code="a">Breven, welche Ihro päpstliche Heiligkeit Clemens XIII an den allerchristlichsten König, *</subfield>
      <subfield code="f">1762</subfield>
    </datafield>
    <datafield tag="672" ind1=" " ind2="0">
      <subfield code="a">Éloge du roi Stanislas Auguste de Pologne</subfield>
      <subfield code="f">1775</subfield>
    </datafield>
    <datafield tag="678" ind1=" " ind2=" ">
      <subfield code="b">Poln. König aus der Geschlecht der Leszczyńskis; Großfürst von Litauen; Herzog von Lothringen u. Bar</subfield>
    </datafield>
    <datafield tag="678" ind1=" " ind2=" ">
      <subfield code="b">Geb. 1677 in Lemberg, gest. 1766 in Lunéville. Poln. König aus dem Geschlecht der Leszczyńskis, Grossfürst von Litauen, Herzog von Lothringen u. Bar</subfield>
    </datafield>
    <datafield tag="913" ind1=" " ind2=" ">
      <subfield code="S">pnd</subfield>
      <subfield code="i">5</subfield>
      <subfield code="a">Stanisław &lt;Polska, Król, I.&gt;</subfield>
      <subfield code="0">(DE-588a)118752715</subfield>
    </datafield>
    <datafield tag="913" ind1=" " ind2=" ">
      <subfield code="S">pnd</subfield>
      <subfield code="i">5</subfield>
      <subfield code="a">Stanislaus &lt;Polen, König, I.&gt;</subfield>
      <subfield code="0">(DE-588a)118752715</subfield>
    </datafield>
    <datafield tag="913" ind1=" " ind2=" ">
      <subfield code="S">pnd</subfield>
      <subfield code="i">a</subfield>
      <subfield code="a">Leszczyński, Stanislaw</subfield>
      <subfield code="0">(DE-588a)170099830</subfield>
    </datafield>
    <datafield tag="913" ind1=" " ind2=" ">
      <subfield code="S">pnd</subfield>
      <subfield code="i">5</subfield>
      <subfield code="a">Stanislaw I. König von Polen</subfield>
      <subfield code="0">(DE-588a)159210690</subfield>
    </datafield>
  </record>
